@article{Schmidt2021,
author = {Schmidt, Franziska and Hosemann, Peter and Scarlat, Raluca O and Schreiber, Daniel K and Scully, John R and Uberuaga, Blas P},
journal = {Annual Review of Materials Research},
pages = {293--328},
title = {Effects of Radiation-Induced Defects on Corrosion},
volume = {51},
year = {2021}
}

@article{Bach2022,
author = {Bach, Anne C{\'{e}}cile and Martin, Frantz and Duhamel, C{\'{e}}cilie and Perrin, St{\'{e}}phane and Jomard, Fran{\c{c}}ois and Crepin, J{\'{e}}r{\^{o}}me},
doi = {10.1016/j.jnucmat.2022.153603},
issn = {00223115},
journal = {Journal of Nuclear Materials},
pages = {7--10},
title = {Hydrogen trapping by irradiation-induced defects in 316 Lstainless steel: A combined experimental and modeling study},
volume = {562},
year = {2022}
}

@article{Jossou2022,
author = {Jossou, Ericmoore and Assefa, Tadesse A. and Suzana, Ana F. and Wu, Longlong and Campbell, Colleen and Harder, Ross and Cha, Wonsuk and Kisslinger, Kim and Sun, Cheng and Gan, Jian and Ecker, Lynne and Robinson, Ian K. and Gill, Simerjeet K.},
doi = {10.1038/s41529-022-00311-8},
issn = {23972106},
journal = {npj Materials Degradation},
month = {dec},
number = {1},
publisher = {Nature Publishing Group},
title = {Three-dimensional strain imaging of irradiated chromium using multi-reflection Bragg coherent diffraction},
volume = {6},
year = {2022}
}

@article{Short2016,
title = {Modeling injected interstitial effects on void swelling in self-ion irradiation experiments},
journal = {Journal of Nuclear Materials},
volume = {471},
pages = {200-207},
year = {2016},
issn = {0022-3115},
doi = {https://doi.org/10.1016/j.jnucmat.2015.10.002},
author = {M.P. Short and D.R. Gaston and M. Jin and L. Shao and F.A. Garner},
}